@article{boob2022complexity,
	title={Complexity of training ReLU neural network},
	author={Boob, Digvijay and Dey, Santanu S and Lan, Guanghui},
	journal={Discrete Optimization},
	volume={44},
	pages={100620},
	year={2022},
	publisher={Elsevier}
}

@article{blum1988training,
	title={Training a 3-node neural network is NP-complete},
	author={Blum, Avrim and Rivest, Ronald},
	journal={Advances in neural information processing systems},
	volume={1},
	year={1988}
}

@inproceedings{bakshi2019learning,
	title={Learning two layer rectified neural networks in polynomial time},
	author={Bakshi, Ainesh and Jayaram, Rajesh and Woodruff, David P},
	booktitle={Conference on Learning Theory},
	pages={195--268},
	year={2019},
	organization={PMLR}
}

@book{downey1999parameterized,
	title = {Parameterized Complexity},
	ISBN = {9781461205159},
	ISSN = {0172-603X},
	url = {http://dx.doi.org/10.1007/978-1-4612-0515-9},
	DOI = {10.1007/978-1-4612-0515-9},
	journal = {Monographs in Computer Science},
	publisher = {Springer New York},
	author = {Downey,  R. G. and Fellows,  M. R.},
	year = {1999}
}

@article{chen2006strong,
	title = {Strong computational lower bounds via parameterized complexity},
	volume = {72},
	ISSN = {0022-0000},
	url = {http://dx.doi.org/10.1016/j.jcss.2006.04.007},
	DOI = {10.1016/j.jcss.2006.04.007},
	number = {8},
	journal = {Journal of Computer and System Sciences},
	publisher = {Elsevier BV},
	author = {Chen,  Jianer and Huang,  Xiuzhen and Kanj,  Iyad A. and Xia,  Ge},
	year = {2006},
	month = dec,
	pages = {1346â€“1367}
}

@article{cai2020tinytl,
	title={Tinytl: Reduce memory, not parameters for efficient on-device learning},
	author={Cai, Han and Gan, Chuang and Zhu, Ligeng and Han, Song},
	journal={Advances in Neural Information Processing Systems},
	volume={33},
	pages={11285--11297},
	year={2020}
}

@article{zaken2021bitfit,
	title={BitFit: Simple parameter-efficient fine-tuning for transformer-based masked language-models},
	author={Zaken, Elad Ben and Ravfogel, Shauli and Goldberg, Yoav},
	journal={arXiv preprint arXiv:2106.10199},
	year={2021}
}

@article{he2024prompt,
	title={Prompt-Based Bias Calibration for Better Zero/Few-Shot Learning of Language Models},
	author={He, Kang and Long, Yinghan and Roy, Kaushik},
	journal={arXiv preprint arXiv:2402.10353},
	year={2024}
}

@inproceedings{chan2013easy,
	author={Chan, Timothy M.},
	booktitle={2013 IEEE 54th Annual Symposium on Foundations of Computer Science}, 
	title={Klee's Measure Problem Made Easy}, 
	year={2013},
	volume={},
	number={},
	pages={410-419},
	doi={10.1109/FOCS.2013.51}
}